@unpublished{EvansDeBacker:2019,
  author = {Richard W. Evans and Jason DeBacker},
  title = {Overlapping Generations Models for Policy Analysis: Theory and Computation},
  note = {Unpublished},
  year = {2019},
}
